@BOOK{Ribaric01,
title={Računalni vid, Prvo predavanje},
author={Slobodan Ribarić},
publisher={Fakultet elektrotehnike i računarstva},
year={2008},
pages={1},
totalpages={32},
}

@conference{SzeliskiIntro,
title={Computer Vision: Algorithms and Applications},
author={Richard Szeliski},
publisher={Springer},
year={2010},
month=sep,
pages={23--29},
totalpages={979},
}

@article{AbrahamForstner01,
  title={{Fish-Eye-Stereo Calibration and Epipolar Rectification}},
  author={Steffen Abraham and Wolfgang Förstner},
  journal={ISPRS Journal of photogrammetry and remote sensing},
  volume={59},
  number={5},
  pages={278-288},
  issn={0895-6111},
  day=31
  month=aug,
  year={2005},
  publisher={Elsevier}
}

@mastersthesis{Kashyap,
    title={{Fisheye Camera Calibration and Applications}},
    school   = {Arizona State University},
    author   = {Kashyap Takmul Purushothama Raju, Vinay},
    year     = {2014},
    keywords = {Electrical engineering; Robotics; 3D reconstruction; Calibration; Camera; Fisheye}
}

@BOOK{ShreinerGroup200907,
title={OpenGL Programming Guide: The Official Guide to Learning OpenGL, Versions 3.0 and 3.1 (7th Edition)},
author={Dave Shreiner and The Khronos OpenGL ARB Working Group},
publisher={Addison-Wesley Professional},
year={2009},
month=jul,
edition={7},
isbn={9780321552624},
url={http://amazon.com/o/ASIN/0321552628/},
price={$59.99},
totalpages={936},
timestamp={2011.04.03},
}

@BOOK{WrightHaemelSellersLipchak201008,
title={OpenGL SuperBible: Comprehensive Tutorial and Reference (5th Edition)},
author={Richard S. Wright and Nicholas S Haemel and Graham Sellers and Benjamin Lipchak},
publisher={Addison-Wesley Professional},
year={2010},
month=aug,
edition={5th},
isbn={9780321712615},
url={http://amazon.com/o/ASIN/0321712617/},
price={$59.99},
totalpages={1008},
timestamp={2011.04.03},
}

@conference{humphreys2000distributed,
  title={{Distributed rendering for scalable displays}},
  author={Humphreys, G. and Buck, I. and Eldridge, M. and Hanrahan, P.},
  booktitle={Proceedings of the 2000 ACM/IEEE conference on Supercomputing
(CDROM)},
  pages={30},
  isbn={0780398025},
  year={2000},
  organization={IEEE Computer Society}
}

@conference{humphreys1999distributed,
  title={{A distributed graphics system for large tiled displays}},
  author={Humphreys, G. and Hanrahan, P.},
  booktitle={Proceedings of the conference on Visualization'99: celebrating ten
years},
  pages={215--223},
  year={1999},
  organization={IEEE Computer Society Press}
}
@conference{humphreys2001wiregl,
  title={{WireGL: a scalable graphics system for clusters}},
  author={Humphreys, G. and Eldridge, M. and Buck, I. and Stoll, G. and Everett,
M. and Hanrahan, P.},
  booktitle={Proceedings of the 28th annual conference on Computer graphics and
interactive techniques},
  pages={129--140},
  isbn={158113374X},
  year={2001},
  organization={ACM}
}
@conference{humphreys2008chromium,
  title={{Chromium: a stream-processing framework for interactive rendering on
clusters}},
  author={Humphreys, G. and Houston, M. and Ng, R. and Frank, R. and Ahern, S.
and Kirchner, P.D. and Klosowski, J.T.},
  booktitle={ACM SIGGRAPH ASIA 2008 courses},
  pages={1--10},
  year={2008},
  organization={ACM}
}

@misc{ wiki:virtualReality,
   author = "Wikipedia",
   title = "Virtual reality --- Wikipedia{,} The Free Encyclopedia",
   year = "2011",
   url = "\url{http://en.wikipedia.org/w/index.php?title=Virtual_reality&oldid=421710601}",
   note = "[Online; accessed 6-April-2011]"
 }
 
 @misc{ wiki:sensorama,
   author = "Wikipedia",
   title = "Sensorama --- Wikipedia{,} The Free Encyclopedia",
   year = "2011",
   url = "\url{http://en.wikipedia.org/w/index.php?title=Sensorama&oldid=407857177}",
   note = "[Online; accessed 6-April-2011]"
 }
 
 @misc{ wiki:tbrpg,
   author = "Wikipedia",
   title = "Online text-based role-playing game --- Wikipedia{,} The Free Encyclopedia",
   year = "2011",
   url = "\url{http://en.wikipedia.org/w/index.php?title=Online_text-based_role-playing_game&oldid=406426996}",
   note = "[Online; accessed 6-April-2011]"
 }
 
 @misc{ wiki:Morton_Heilig,
   author = "Wikipedia",
   title = "Morton Heilig --- Wikipedia{,} The Free Encyclopedia",
   year = "2010",
   url = "\url{http://en.wikipedia.org/w/index.php?title=Morton_Heilig&oldid=390408379}",
   note = "[Online; accessed 6-April-2011]"
 }
 
@article{robb2000virtual,
  title={{Virtual endoscopy: development and evaluation using the Visible Human datasets}},
  author={Robb, RA},
  journal={Computerized medical imaging and graphics},
  volume={24},
  number={3},
  pages={133--151},
  issn={0895-6111},
  year={2000},
  publisher={Elsevier}
}

@conference{reiners98augmented,
  title={{Augmented reality for construction tasks: doorlock assembly}},
  author={Reiners, D. and Stricker, D. and Klinker, G. and M{\\"u}ller, S. and Fraunhofer, IGD},
  booktitle={Augmented Reality: Placing Artificial Objects in Real Scenes, Proceedings of IWAR’98}
}
