@BOOK{Ribaric01,
title={Računalni vid, Prvo predavanje},
author={Slobodan Ribarić},
publisher={Fakultet elektrotehnike i računarstva},
year={2008},
pages={1},
totalpages={32},
}

@conference{SzeliskiIntro,
title={Computer Vision: Algorithms and Applications},
author={Richard Szeliski},
publisher={Springer},
year={2010},
month=sep,
pages={23--29},
totalpages={979}
}

@article{Abraham,
  title={{Fish-Eye-Stereo Calibration and Epipolar Rectification}},
  author={Steffen Abraham and Wolfgang Förstner},
  journal={ISPRS Journal of photogrammetry and remote sensing},
  volume={59},
  number={5},
  pages={278-288},
  issn={0895-6111},
  day=31
  month=aug,
  year={2005},
  publisher={Elsevier}
}

@mastersthesis{Kashyap,
    title={{Fisheye Camera Calibration and Applications}},
    school   = {Arizona State University},
    author   = {Kashyap Takmul Purushothama Raju, Vinay},
    year     = {2014},
    keywords = {Electrical engineering; Robotics; 3D reconstruction; Calibration; Camera; Fisheye}
}

@conference{RoyMeunierCox,
  title={{Cylindrical rectification to minimize epipolar distortion}},
  author={Sebastien Roy, Jean Meunier, Ingemar Johansson Cox},
  publisher={ IEEE Computer Society},
  year={1997},
  pages={393--399}
}

@BOOK{Hartley,
title={Multiple View Geometry in computer vision},
author={Richard Hartley and Andrew Zisserman},
publisher={Cambridge University Press},
year={2003},
pages={1},
totalpages={657},
}

@MISC{KenRockwell:Nikon,
    author = {{Ken Rockwell}},
    title = {Nikon 7.5mm f/5.6},
    year = {1966},
    note = {[Online; provjereno 25.05.2016.]},
    url = {http://www.kenrockwell.com/nikon/7mm.htm}
}

@MISC{Chemnitz:Pinhole,
    author = {{TU Chemnitz}},
    title = {2.1 Camera Models - The Pinhole Camera},
    year = {2005},
    note = {[Online; provjereno 25.05.2016.]},
    url = {https://www-user.tu-chemnitz.de/~niko/studienarbeit/node3.html}
}

@MISC{MichelThoby:Fisheye,
    author = {{Michel Thoby}},
    title = {About the various projections of the photographic objective lenses},
    year = {2012},
    note = {[Online; provjereno 25.05.2016.]},
    url = {http://michel.thoby.free.fr/Fisheye_history_short/Projections/Various_lens_projection.html}
}

@MISC{Wikipedia:Rectification,
    author = {{Wikipedia}},
    title = {Image rectification},
    year = {2016},
    note = {[Online; provjereno 25.05.2016.]},
    url = {https://en.wikipedia.org/wiki/Image_rectification}
}